<?xml version="1.0" encoding="UTF-8"?><collection xmlns="http://www.loc.gov/MARC21/slim"><record><leader>00416nam--2200121-i-4500</leader><controlfield tag="001">000018776</controlfield><controlfield tag="002">20161230</controlfield><controlfield tag="005">20161230201032</controlfield><controlfield tag="008">060222s1000------------r-----000-0-eng-d</controlfield><datafield ind1=" " ind2=" " tag="080"><subfield code="a">519.2:681.142:338:002</subfield></datafield><datafield ind1=" " ind2=" " tag="245"><subfield code="a">Folosirea metodelor matematice si a masinilor de calculat la rezolvarea problemelor economice.cercetare documentara</subfield></datafield><datafield ind1=" " ind2=" " tag="260"><subfield code="a">Bucuresti, Institutul De Documentare Tehnica, 1964.   79 P</subfield></datafield><datafield ind1=" " ind2=" " tag="852"><subfield code="a">20118</subfield></datafield></record></collection>